<record><leader>00000cas a22000007a 4500</leader><controlfield tag="001">12165378</controlfield><controlfield tag="008">850617d18841939njudn ne      0    0eng d</controlfield><datafield ind1=" " ind2=" " tag="010"><subfield code="a">sn 85035794 </subfield></datafield><datafield ind1=" " ind2=" " tag="040"><subfield code="a">NPA</subfield><subfield code="b">eng</subfield><subfield code="c">NPA</subfield><subfield code="d">NJW</subfield><subfield code="d">OCLCQ</subfield></datafield><datafield ind1=" " ind2=" " tag="042"><subfield code="a">msc</subfield></datafield><datafield ind1="0" ind2=" " tag="130"><subfield code="a">Daily enterprise (Burlington, N.J.)</subfield></datafield><datafield ind1="1" ind2="4" tag="245"><subfield code="a">The daily enterprise.</subfield></datafield><datafield ind1=" " ind2=" " tag="260"><subfield code="a">Burlington, N.J. :</subfield><subfield code="b">Logan &amp; Sherman,</subfield><subfield code="c">1884-1939.</subfield></datafield><datafield ind1=" " ind2=" " tag="300"><subfield code="a">v. :</subfield><subfield code="b">ill.</subfield></datafield><datafield ind1=" " ind2=" " tag="310"><subfield code="a">Daily (except Sun.)</subfield></datafield><datafield ind1="0" ind2=" " tag="362"><subfield code="a">Vol. 1, no. 1 (May 17, 1884)-no. 18,041 (Aug. 9, 1939).</subfield></datafield><datafield ind1=" " ind2=" " tag="515"><subfield code="a">Numbering irregular; with the issue for Mar. 11, 1885, the volume and number scheme was replaced in favor of a single number designation.</subfield></datafield><datafield ind1=" " ind2=" " tag="530"><subfield code="a">Also issued on microfilm by Micro-Graphic Corp., Garfield, N.J.</subfield></datafield><datafield ind1=" " ind2=" " tag="580"><subfield code="a">Weekly eds.: New Jersey enterprise; Burlington County weekly enterprise.</subfield></datafield><datafield ind1=" " ind2=" " tag="752"><subfield code="a">United States</subfield><subfield code="b">New Jersey</subfield><subfield code="c">Burlington</subfield><subfield code="d">Burlington.</subfield></datafield><datafield ind1="1" ind2=" " tag="775"><subfield code="t">New Jersey enterprise</subfield><subfield code="w">(DLC)sn 83032100</subfield><subfield code="w">(OCoLC)10159067</subfield></datafield><datafield ind1="1" ind2=" " tag="775"><subfield code="t">Burlington County weekly enterprise</subfield></datafield><datafield ind1="0" ind2="0" tag="785"><subfield code="t">Burlington County daily enterprise</subfield><subfield code="w">(DLC)sn 85035795</subfield><subfield code="w">(OCoLC)12165398</subfield></datafield></record>